

@article{persson_peraire_2006, title={Sub-Cell Shock Capturing for Discontinuous Galerkin Methods}, DOI={10.2514/6.2006-112}, journal={44th AIAA Aerospace Sciences Meeting and Exhibit}, author={Persson, Per-Olof and Peraire, Jaime}, year={2006}, month={Sep}}


@book{horedt2004polytropes,
  title={Polytropes: applications in astrophysics and related fields},
  author={Horedt, George Paul},
  volume={306},
  year={2004},
  publisher={Springer Science \& Business Media}
}

@book{abramowitz1964handbook,
  title={Handbook of mathematical functions: with formulas, graphs, and mathematical tables},
  author={Abramowitz, Milton and Stegun, Irene A},
  volume={55},
  year={1964},
  publisher={Courier Corporation}
}

@article{federrath_klessen_schmidt_2008,
    title={The Density Probability Distribution in Compressible Isothermal Turbulence: Solenoidal versus Compressive Forcing},
    volume={688},
    DOI={10.1086/595280}, 
    number={2},
    journal={The Astrophysical Journal},
    author={Federrath, Christoph and Klessen, Ralf S. and Schmidt, Wolfram},
    year={2008}
}

@article{balsara_2010, title={Multidimensional HLLE Riemann solver: Application to Euler and magnetohydrodynamic flows}, volume={229}, DOI={10.1016/j.jcp.2009.11.018}, number={6}, journal={Journal of Computational Physics}, author={Balsara, Dinshaw S.}, year={2010}, pages={1970–1993}}
@article{hopkins_2013, title={A model for (non-lognormal) density distributions in isothermal turbulence}, volume={430}, DOI={10.1093/mnras/stt010}, number={3}, journal={Monthly Notices of the Royal Astronomical Society}, author={Hopkins, P. F.}, year={2013}, month={Aug}, pages={1880–1891}}


@incollection{mac2004turbulence,
  title={Turbulence in the Interstellar Medium},
  author={Mac Low, Mordecai-Mark},
  booktitle={From Observations to Self-Consistent Modelling of the ISM in Galaxies},
  pages={147--155},
  year={2004},
  publisher={Springer}
}

@INPROCEEDINGS{1999intuconf218N,
   author = {{Nordlund}, {\AA}.~K. and {Padoan}, P.},
    title = "{The Density PDFs of Supersonic Random Flows}",
booktitle = {Interstellar Turbulence},
     year = 1999,
   eprint = {astro-ph/9810074},
   editor = {{Franco}, J. and {Carraminana}, A.},
    pages = {218},
   adsurl = {http://adsabs.harvard.edu/abs/1999intu.conf..218N},
  adsnote = {Provided by the SAO/NASA Astrophysics Data System}
}

@article{0004-637X-761-2-149,
  author={L. Konstandin and P. Girichidis and C. Federrath and R. S. Klessen},
  title={A New Density Variance–Mach Number Relation for Subsonic and Supersonic Isothermal Turbulence},
  journal={The Astrophysical Journal},
  volume={761},
  number={2},
  pages={149},
  url={http://stacks.iop.org/0004-637X/761/i=2/a=149},
  year={2012},
  abstract={The probability density function of the gas density in subsonic and supersonic, isothermal, driven turbulence is analyzed using a systematic set of hydrodynamical grid simulations with resolutions of up to 1024 3 cells. We perform a series of numerical experiments with root-mean-square (rms) Mach number ##IMG## [http://ej.iop.org/images/0004-637X/761/2/149/apj450903ieqn1.gif] {$\mathcal {M}$} ranging from the nearly incompressible, subsonic ( ##IMG## [http://ej.iop.org/images/0004-637X/761/2/149/apj450903ieqn2.gif] {$\mathcal {M}=0.1$} ) to the highly compressible, supersonic ( ##IMG## [http://ej.iop.org/images/0004-637X/761/2/149/apj450903ieqn3.gif] {$\mathcal {M}=15$} ) regime. We study the influence of two extreme cases for the driving mechanism by applying a purely solenoidal (divergence-free) and a purely compressive (curl-free) forcing field to drive the turbulence. We find that our measurements fit the linear relation between the rms Mach number and the standard deviation (std. dev.) of the density distribution in a wide range of Mach numbers, where the proportionality constant depends on the type of forcing. In addition, we propose a new linear relation between the std. dev. of the density distribution σ ρ and that of the velocity in compressible modes, i.e., the compressible component of the rms Mach number, ##IMG## [http://ej.iop.org/images/0004-637X/761/2/149/apj450903ieqn4.gif] {$\mathcal {M}_{\mathrm{comp}}$} . In this relation the influence of the forcing is significantly reduced, suggesting a linear relation between σ ρ and ##IMG## [http://ej.iop.org/images/0004-637X/761/2/149/apj450903ieqn5.gif] {$\mathcal {M}_{\mathrm{comp}}$} , independent of the forcing, and ranging from the subsonic to the supersonic regime.}
}

@article{0004-637X-665-1-416,
  author={Alexei G. Kritsuk and Michael L. Norman and Paolo Padoan and Rick Wagner},
  title={The Statistics of Supersonic Isothermal Turbulence},
  journal={The Astrophysical Journal},
  volume={665},
  number={1},
  pages={416},
  url={http://stacks.iop.org/0004-637X/665/i=1/a=416},
  year={2007},
  abstract={We present results of large-scale three-dimensional simulations of supersonic Euler turbulence with the piecewise parabolic method and multiple grid resolutions up to 2048 3 points. Our numerical experiments describe nonmagnetized driven turbulent flows with an isothermal equation of state and an rms Mach number of 6. We discuss numerical resolution issues and demonstrate convergence, in a statistical sense, of the inertial range dynamics in simulations on grids larger than 512 3 points. The simulations allowed us to measure the absolute velocity scaling exponents for the first time. The inertial range velocity scaling in this strongly compressible regime deviates substantially from the incompressible Kolmogorov laws. The slope of the velocity power spectrum, for instance, is -1.95 compared to -5/3 in the incompressible case. The exponent of the third-order velocity structure function is 1.28, while in incompressible turbulence it is known to be unity. We propose a natural extension of Kolmogorov's phenomenology that takes into account compressibility by mixing the velocity and density statistics and preserves the Kolmogorov scaling of the power spectrum and structure functions of the density-weighted velocity υ ≡ ρ 1/3 u . The low-order statistics of υ appear to be invariant with respect to changes in the Mach number. For instance, at Mach 6 the slope of the power spectrum of υ is -1.69, and the exponent of the third-order structure function of υ is unity. We also directly measure the mass dimension of the "fractal" density distribution in the inertial subrange, D m ≈ 2.4, which is similar to the observed fractal dimension of molecular clouds and agrees well with the cascade phenomenology.}
}

@article{boldyrev2002scaling,
  title={Scaling relations of supersonic turbulence in star-forming molecular clouds},
  author={Boldyrev, Stanislav and Nordlund, {\AA}ke and Padoan, Paolo},
  journal={The Astrophysical Journal},
  volume={573},
  number={2},
  pages={678},
  year={2002},
  publisher={IOP Publishing}
}

@article{atkins_pampell_2011, title={Robust and Accurate Shock Capturing Method for High-Order Discontinuous Galerkin Methods}, DOI={10.2514/6.2011-3058}, journal={20th AIAA Computational Fluid Dynamics Conference}, author={Atkins, Harold and Pampell, Alyssa}, year={2011}}

@article{schmidt2009numerical,
  title={Numerical simulations of compressively driven interstellar turbulence-I. Isothermal gas},
  author={Schmidt, Wolfram and Federrath, Christoph and Hupp, Markus and Kern, Sebastian and Niemeyer, Jens C},
  journal={Astronomy \& Astrophysics},
  volume={494},
  number={1},
  pages={127--145},
  year={2009},
  publisher={EDP Sciences}
}

@article{kitsionas2009algorithmic,
  title={Algorithmic comparisons of decaying, isothermal, supersonic turbulence},
  author={Kitsionas, S and Federrath, C and Klessen, RS and Schmidt, W and Price, DJ and Dursi, LJ and Gritschneder, M and Walch, S and Piontek, R and Kim, Jongsoo and others},
  journal={Astronomy \& Astrophysics},
  volume={508},
  number={1},
  pages={541--560},
  year={2009},
  publisher={EDP Sciences}
}
@Article{Salas1996,
author="Salas, Manuel D.
and Iollo, Angelo",
title="Entropy jump across an inviscid shock wave",
journal="Theoretical and Computational Fluid Dynamics",
year="1996",
volume="8",
number="5",
pages="365--375",
abstract="The Shock jump conditions for the Euler equations in their primitive form are derived by using generalized functions. The shock profiles for specific volume, speed, and pressure and shown to be the same, however, density has a different shock profile. Careful study of the equations that govern the entropy shows that the inviscid entropy profile has a local maximum within the shock layer. We demonstrate that because of this phenomenon, the entropy propagation equation cannot be used as a conservation law.",
issn="1432-2250",
doi="10.1007/BF00456376",
url="http://dx.doi.org/10.1007/BF00456376"
}

@inproceedings{persson2013shock,
  title={Shock capturing for high-order discontinuous Galerkin simulation of transient flow problems},
  author={Persson, Per-Olof},
  booktitle={21st AIAA Computational Fluid Dynamics Conference},
  pages={3061},
  year={2013}
}

@article{schmidt2008scaling,
  title={Is the scaling of supersonic turbulence universal?},
  author={Schmidt, Wolfram and Federrath, Christoph and Klessen, Ralf},
  journal={Physical Review Letters},
  volume={101},
  number={19},
  pages={194505},
  year={2008},
  publisher={APS}
}

@inproceedings{atkins2011robust,
  title={Robust and accurate shock capturing method for high-order discontinuous Galerkin methods},
  author={Atkins, Harold and Pampell, Alyssa},
  booktitle={20th AIAA Computational Fluid Dynamics Conference},
  pages={3058},
  year={2011}
}

@article{lo2010high,
  title={High-order shock capturing schemes for turbulence calculations},
  author={Lo, S-C and Blaisdell, GA and Lyrintzis, AS},
  journal={International Journal for Numerical Methods in Fluids},
  volume={62},
  number={5},
  pages={473--498},
  year={2010},
  publisher={Wiley Online Library}
}

@article{sod1978survey,
  title={A survey of several finite difference methods for systems of nonlinear hyperbolic conservation laws},
  author={Sod, Gary A},
  journal={Journal of computational physics},
  volume={27},
  number={1},
  pages={1--31},
  year={1978},
  publisher={Elsevier}
}

@inproceedings{sabbagh2009effect,
  title={Effect of artificial viscosity on central finite volume solution of time-dependent concentration diffusion},
  author={Sabbagh-Yazdi, Saeed-Reza and Panahkhahi, Mohammad-Amin and Mastorakis, Nikos E},
  booktitle={Proceedings of the 11th WSEAS international conference on Mathematical methods and computational techniques in electrical engineering},
  pages={109--114},
  year={2009},
  organization={World Scientific and Engineering Academy and Society (WSEAS)}
}

@article{kurganov2012new,
  title={New adaptive artificial viscosity method for hyperbolic systems of conservation laws},
  author={Kurganov, Alexander and Liu, Yu},
  journal={Journal of Computational Physics},
  volume={231},
  number={24},
  pages={8114--8132},
  year={2012},
  publisher={Elsevier}
}

@inproceedings{jameson1981numerical,
  title={Numerical solution of the Euler equations by finite volume methods using Runge Kutta time stepping schemes},
  author={Jameson, Antony and Schmidt, Wolfgang and Turkel, Eli},
  booktitle={14th fluid and plasma dynamics conference},
  pages={1259},
  year={1981}
}

@article{gassner2011comparison,
  title={A comparison of the dispersion and dissipation errors of Gauss and Gauss--Lobatto discontinuous Galerkin spectral element methods},
  author={Gassner, Gregor and Kopriva, David A},
  journal={SIAM Journal on Scientific Computing},
  volume={33},
  number={5},
  pages={2560--2579},
  year={2011},
  publisher={SIAM}
}

@article{balsara2007sub,
  title={A sub-cell based indicator for troubled zones in RKDG schemes and a novel class of hybrid RKDG+ HWENO schemes},
  author={Balsara, Dinshaw S and Altmann, Christoph and Munz, Claus-Dieter and Dumbser, Michael},
  journal={Journal of Computational Physics},
  volume={226},
  number={1},
  pages={586--620},
  year={2007},
  publisher={Elsevier}
}

@article{bouchut2007multiwave,
  title={A multiwave approximate Riemann solver for ideal MHD based on relaxation. I: theoretical framework},
  author={Bouchut, Fran{\c{c}}ois and Klingenberg, Christian and Waagan, Knut},
  journal={Numerische Mathematik},
  volume={108},
  number={1},
  pages={7--42},
  year={2007},
  publisher={Springer}
}

@article{bouchut2010multiwave,
  title={A multiwave approximate Riemann solver for ideal MHD based on relaxation II: numerical implementation with 3 and 5 waves},
  author={Bouchut, Fran{\c{c}}ois and Klingenberg, Christian and Waagan, Knut},
  journal={Numerische Mathematik},
  volume={115},
  number={4},
  pages={647--679},
  year={2010},
  publisher={Springer}
}

@inproceedings{yu2013accuracy,
  title={On the accuracy and efficiency of several discontinuous high-order formulations},
  author={Yu, Meilin and Wang, Zhijian},
  booktitle={51st AIAA Aerospace Sciences Meeting including the New Horizons Forum and Aerospace Exposition},
  pages={855},
  year={2013}
}

@article{winters2016affordable,
  title={Affordable, entropy conserving and entropy stable flux functions for the ideal MHD equations},
  author={Winters, Andrew R and Gassner, Gregor J},
  journal={Journal of Computational Physics},
  volume={304},
  pages={72--108},
  year={2016},
  publisher={Elsevier}
}

@article{tugnoli2016locally,
  title={A locally p-adaptive approach for Large Eddy Simulation of compressible flows in a DG framework},
  author={Tugnoli, Matteo and Abb{\`a}, Antonella and Bonaventura, Luca and Restelli, Marco},
  journal={arXiv preprint arXiv:1610.03319},
  year={2016}
}

@article{derigs2017novel,
  title={A novel averaging technique for discrete entropy-stable dissipation operators for ideal MHD},
  author={Derigs, Dominik and Winters, Andrew R and Gassner, Gregor J and Walch, Stefanie},
  journal={Journal of Computational Physics},
  volume={330},
  pages={624--632},
  year={2017},
  publisher={Elsevier}
}

@article{colella1984piecewise,
  title={The piecewise parabolic method (PPM) for gas-dynamical simulations},
  author={Colella, Phillip and Woodward, Paul R},
  journal={Journal of computational physics},
  volume={54},
  number={1},
  pages={174--201},
  year={1984},
  publisher={Elsevier}
}

@article{she1994universal,
  title={Universal scaling laws in fully developed turbulence},
  author={She, Zhen-Su and Leveque, Emmanuel},
  journal={Physical review letters},
  volume={72},
  number={3},
  pages={336},
  year={1994},
  publisher={APS}
}

@article{mac1998kinetic,
  title={Kinetic energy decay rates of supersonic and super-Alfv{\'e}nic turbulence in star-forming clouds},
  author={Mac Low, Mordecai-Mark and Klessen, Ralf S and Burkert, Andreas and Smith, Michael D},
  journal={Physical Review Letters},
  volume={80},
  number={13},
  pages={2754},
  year={1998},
  publisher={APS}
}

@article{kolmogorov1991dissipation,
  title={Dissipation of energy in the locally isotropic turbulence},
  author={Kolmogorov, Andrey Nikolaevich},
  journal={Proceedings: Mathematical and Physical Sciences},
  volume={434},
  number={1890},
  pages={15--17},
  year={1991},
  publisher={JSTOR}
}

@article{federrath2013universality,
  title={On the universality of supersonic turbulence},
  author={Federrath, Christoph},
  journal={Monthly Notices of the Royal Astronomical Society},
  pages={stt1644},
  year={2013},
  publisher={Oxford University Press}
}

@article{konstandin2016mach,
  title={Mach number study of supersonic turbulence: the properties of the density field},
  author={Konstandin, Lukas and Schmidt, Wolfram and Girichidis, Philipp and Peters, Thomas and Shetty, Rahul and Klessen, Ralf S},
  journal={Monthly Notices of the Royal Astronomical Society},
  volume={460},
  number={4},
  pages={4483--4491},
  year={2016},
  publisher={Oxford University Press}
}

@incollection{klessen2016physical,
  title={Physical Processes in the Interstellar Medium},
  author={Klessen, Ralf S and Glover, Simon CO},
  booktitle={Star Formation in Galaxy Evolution: Connecting Numerical Models to Reality},
  pages={85--249},
  year={2016},
  publisher={Springer}
}

@book{yoshizawa2013hydrodynamic,
  title={Hydrodynamic and Magnetohydrodynamic Turbulent Flows: Modelling and Statistical Theory},
  author={Yoshizawa, Akira},
  volume={48},
  year={2013},
  publisher={Springer Science \& Business Media}
}

@book{biskamp2003magnetohydrodynamic,
  title={Magnetohydrodynamic turbulence},
  author={Biskamp, Dieter},
  year={2003},
  publisher={Cambridge University Press}
}

@incollection{muller2003evolving,
  title={The evolving phenomenological view on magnetohydrodynamic turbulence},
  author={M{\"u}ller, Wolf-Christian and Biskamp, Dieter},
  booktitle={Turbulence and Magnetic Fields in Astrophysics},
  pages={3--27},
  year={2003},
  publisher={Springer}
}

@article{shannon1949communication,
  title={Communication in the presence of noise},
  author={Shannon, Claude Elwood},
  journal={Proceedings of the IRE},
  volume={37},
  number={1},
  pages={10--21},
  year={1949},
  publisher={IEEE}
}

@misc{LeonBurgers,
    author    = "Leon van Dommelen",
    title     = "Partial Differential Equations: 3.5 The inviscid Burgers’ equation",
    howpublished = "webpage",
    year     = "2017",
    month    = "06",
    note     = {URL: http://www.eng.famu.fsu.edu/~dommelen/pdes/style\_a/burgers},
}

@incollection{roberts2007alfven,
  title={Alfv{\'e}n's Theorem and the Frozen Flux Approximation},
  author={Roberts, Paul H},
  booktitle={Encyclopedia of Geomagnetism and Paleomagnetism},
  pages={7--11},
  year={2007},
  publisher={Springer}
}

@inproceedings{hindenlang2010unstructured,
  title={Unstructured high order grids and their application in discontinuous Galerkin methods},
  author={Hindenlang, F and Gassner, G and Bolemann, T and Munz, CD},
  booktitle={Conference Proceedings, V European Conference on Computational Fluid Dynamics ECCOMAS CFD},
  pages={1--8},
  year={2010}
}

@phdthesis{gassner2009discontinuous,
  title={Discontinuous Galerkin methods for the unsteady compressible Navier-Stokes equations},
  author={Gassner, Gregor},
  year={2009},
  school={Universit{\"a}t Stuttgart}
}

@article{lee2011progress,
  title={Progress in development of HEDP capabilities in FLASH’s Unsplit Staggered Mesh MHD solver},
  author={Lee, D and Xia, G and Daley, C and Dubey, A and Gopal, S and Graziani, C and Lamb, D and Weide, K},
  journal={Astrophysics and Space Science},
  volume={336},
  number={1},
  pages={157--162},
  year={2011},
  publisher={Springer}
}

@inproceedings{fryxell2001adaptive,
  title={Adaptive mesh simulations of astrophysical detonations using the ASCI flash code},
  author={Fryxell, B and Calder, AC and Dursi, LJ and Lamb, DQ and MacNeice, P and Olson, K and Ricker, P and Rosner, R and Timmes, FX and Truran, JW and others},
  booktitle={AIP Conference Proceedings},
  volume={583},
  number={1},
  pages={223--225},
  year={2001},
  organization={AIP}
}

@incollection{sonntag2014shock,
  title={Shock capturing for discontinuous Galerkin methods using finite volume subcells},
  author={Sonntag, Matthias and Munz, Claus-Dieter},
  booktitle={Finite Volumes for Complex Applications VII-Elliptic, Parabolic and Hyperbolic Problems},
  pages={945--953},
  year={2014},
  publisher={Springer}
}

@phdthesis{hindenlang2014mesh,
title={Mesh curving techniques for high order parallel simulations on unstructured meshes},
author={Hindenlang, Florian},
year={2014},
school={University of Stuttgart}
}

@article{hindenlang2012explicit,
title={Explicit discontinuous Galerkin methods for unsteady problems},
author={Hindenlang, Florian and Gassner, Gregor J and Altmann, Christoph and Beck, Andrea and Staudenmaier, Marc and Munz, Claus-Dieter},
journal={Computers \& Fluids},
volume={61},
pages={86--93},
year={2012},
publisher={Elsevier}
}

@article{walch2015silcc,
  title={The SILCC (SImulating the LifeCycle of molecular Clouds) project--I. Chemical evolution of the supernova-driven ISM},
  author={Walch, S and Girichidis, P and Naab, T and Gatto, A and Glover, SCO and W{\"u}nsch, R and Klessen, RS and Clark, PC and Peters, T and Derigs, D and others},
  journal={Monthly Notices of the Royal Astronomical Society},
  volume={454},
  number={1},
  pages={246--276},
  year={2015},
  publisher={Oxford University Press}
}

@article{derigs2016novel,
  title={A novel high-order, entropy stable, 3D AMR MHD solver with guaranteed positive pressure},
  author={Derigs, Dominik and Winters, Andrew R and Gassner, Gregor J and Walch, Stefanie},
  journal={Journal of Computational Physics},
  volume={317},
  pages={223--256},
  year={2016},
  publisher={Elsevier}
}

@article{padoan2002stellar,
  title={The stellar initial mass function from turbulent fragmentation},
  author={Padoan, Paolo and Nordlund, {\AA}ke},
  journal={The Astrophysical Journal},
  volume={576},
  number={2},
  pages={870},
  year={2002},
  publisher={IOP Publishing}
}

@article{stone1998dissipation,
  title={Dissipation in compressible magnetohydrodynamic turbulence},
  author={Stone, James M and Ostriker, Eve C and Gammie, Charles F},
  journal={The Astrophysical Journal Letters},
  volume={508},
  number={1},
  pages={L99},
  year={1998},
  publisher={IOP Publishing}
}

@article{Tange2011a,
  title = {GNU Parallel - The Command-Line Power Tool},
  author = {O. Tange},
  address = {Frederiksberg, Denmark},
  journal = {;login: The USENIX Magazine},
  month = {Feb},
  number = {1},
  volume = {36},
  url = {http://www.gnu.org/s/parallel},
  year = {2011},
  pages = {42-47},
  doi = {http://dx.doi.org/10.5281/zenodo.16303}
}
